@article{fortin2012deap,
  title={DEAP: Evolutionary algorithms made easy},
  author={Fortin, F{\'e}lix-Antoine and Rainville, Fran{\c{c}}ois-Michel De and Gardner, Marc-Andr{\'e} and Parizeau, Marc and Gagn{\'e}, Christian},
  journal={Journal of Machine Learning Research},
  volume={13},
  number={Jul},
  pages={2171--2175},
  year={2012}
}

@article{tarapore2015evolvability,
  title={Evolvability signatures of generative encodings: beyond standard performance benchmarks},
  author={Tarapore, Danesh and Mouret, Jean-Baptiste},
  journal={Information Sciences},
  volume={313},
  pages={43--61},
  year={2015},
  publisher={Elsevier}
}

@inproceedings{clune2009evolving,
  title={Evolving coordinated quadruped gaits with the HyperNEAT generative encoding},
  author={Clune, Jeff and Beckmann, Benjamin E and Ofria, Charles and Pennock, Robert T},
  booktitle={Evolutionary Computation, 2009. CEC'09. IEEE Congress on},
  pages={2764--2771},
  year={2009},
  organization={IEEE}
}

@inproceedings{mengistu2016evolvability,
  title={Evolvability search: directly selecting for evolvability in order to study and produce it},
  author={Mengistu, Henok and Lehman, Joel and Clune, Jeff},
  booktitle={Proceedings of the 2016 on Genetic and Evolutionary Computation Conference},
  pages={141--148},
  year={2016},
  organization={ACM}
}

@misc{paszke2017pytorch,
  title={PyTorch},
  author={Paszke, Adam and Gross, Sam and Chintala, Soumith and Chanan, Gregory},
  year={2017}
}

@inproceedings{reisinger2007acquiring,
  title={Acquiring evolvability through adaptive representations},
  author={Reisinger, Joseph and Miikkulainen, Risto},
  booktitle={Proceedings of the 9th annual conference on Genetic and evolutionary computation},
  pages={1045--1052},
  year={2007},
  organization={ACM}
}

@inproceedings{stanley2002efficient,
  title={Efficient evolution of neural network topologies},
  author={Stanley, Kenneth O and Miikkulainen, Risto},
  booktitle={Evolutionary Computation, 2002. CEC'02. Proceedings of the 2002 Congress on},
  volume={2},
  pages={1757--1762},
  year={2002},
  organization={IEEE}
}
